@article{sharma2002framework,
  title={A framework for creating hybrid-open source software communities},
  author={Sharma, Srinarayan and Sugumaran, Vijayan and Rajagopalan, Balaji},
  journal={Information Systems Journal},
  volume={12},
  number={1},
  pages={7--25},
  year={2002},
  publisher={Wiley Online Library}
}

@article{Wheeler,
  title={Open Source Software (FLOSS) is Commercial Software},
  author={David A. Wheeler},
  year={2011},
  publisher={Free-Libre}
}

@article{Robbins02adoptingoss,
  author = {Jason E. Robbins},
  title = {Adopting OSS Methods by Adopting OSS Tools},
  year = {2002}
}

@article{Haddad11,
  author={Ibrahim Haddad and Brian Warner},
  publisher={The Linux Foundation},
  year={2011},
  title={Understanding the Open Source Development Model}
}

@article{ApacheFoundation13,
  url={http://tinyurl.com/36xa7j},
  title={How the ASF works},
  year={2013},
  publisher={Apache Foundation},
  author={Foundation Apache}
}

@inproceedings{rodriguez2012distributed,
  title={How Distributed Version Control Systems impact open source software projects},
  author={Rodriguez-Bustos, Christian and Aponte, Jairo},
  pages={36--39},
  year={2012},
  organization={IEEE}
}

@article{abran2001guide,
  title={Guide to the Software Engineering Body of Knowledge},
  author={Abran, Alain and Moore, J and Bourque, P and Dupuis, RL and Tripp, L},
  year={2001},
  publisher={IEEE-Computer Society Press}
}